@inproceedings{dash-ijcai-2013,
title = "Sequences of Mechanisms for Causal Reasoning in {A}rtificial {I}ntelligence",
author = "Identity Anonymous",
note = "Under Submission to IJCAI-2013",
year = "2013",
}

@incollection{Song:2009,
    author = {Song, Le and Kolar, Mladen and Xing, Eric},
    booktitle = {Advances in Neural Information Processing Systems 22},
    editor = {Bengio, Y. and Schuurmans, D. and Lafferty, J. and Williams, C. K. I. and Culotta, A.},
    pages = {1732--1740},
    title = {{Time-Varying Dynamic Bayesian Networks}},
    year = {2009}
}


@phdthesis{zagorecki-thesis,
  author    = "Adam Zagorecki",
  title     = "{B}ayesian networks: knowledge elicitation and inference",
  school    = "School of Information Sciences",
  publisher = "University of Pittsburgh",
  address   = "Pittsbugh, PA, USA",
  year      = 2010,
}

@article{Heckerman94causalindependence,
    author = {David Heckerman and John S. Breese},
    title = {Causal independence for probability assessment and inference using Bayesian networks},
    journal = {IEEE Trans. on Systems, Man and Cybernetics},
    year = {1994}
}
