@INPROCEEDINGS{Kumar09attributeand,
    author = {N. Kumar and A. Berg and P. Belhumeur and S. Nayar},
    title = {Attribute and Simile Classifiers for Face Verification},
    booktitle = {In IEEE International Conference on Computer Vision (ICCV},
    year = {2009}
}

@article{pocketsphinx,
AUTHOR = "Huggins-Daines, D. and Kumar, M. and Chan, A. and Black, A.W. and Ravishankar, M. and Rudnicky, A.I.",
TITLE = "PocketSphinx: A free, real-time continuous speech recognition system for hand-held device",
journal = "Acoustics, Speech and Signal Processing",
VOLUME = 1,
YEAR = "2006",
}

@INPROCEEDINGS{exemplarsvm,
AUTHOR = "Malisiewicz, T. and Gupta, A. and Efros, A.A.",
TITLE = "Ensemble of exemplar-svms for object detection and beyond",
BOOKTITLE = "IEEE International Conference on Computer Vision (ICCV)",
YEAR = "2011",
PAGES = "89--96"
}

@article{heisele2007,
AUTHOR = "Heisele B. and Serre, T. and Poggio, T.", 
TITLE = "A component-based framework for face detection and identification",
journal = "International Journal of Computer Vision", 
PUBLISHER = "Springer",
VOLUME = 74,
NUMBER = 6,
PAGES = "161--181",
YEAR = "2007"
}

@article{Park12,
AUTHOR = "H. S. Park and E. Jain and Y. Sheikh", 
TITLE = "3D Social Saliency from Head-Mounted Cameras",
journal = "Neural Information Processing Systems (NIPS)",
YEAR = "2012",
}

@article{fpv, 
author={Kanade, T. and Hebert, M.}, 
journal={Proceedings of the IEEE}, title={First-Person Vision}, 
year={2012}, 
volume={100}, 
number={8}, 
pages={2442-2453}, 
}

@article{bnclassifier,
AUTHOR = "Friedman, N. and Geiger, D. and Goldszmidt, M.", 
TITLE = "Bayesian network classifiers",
journal = "International Journal of Machine Learning",
PUBLISHER = "Springer",
VOLUME = 29,
NUMBER = 2,
PAGES = "121--163",
YEAR = "1997"
}

@article{opencv,
    author = {Bradski, G.},
    journal = {Dr. Dobb's Journal of Software Tools},
    title = {{The OpenCV Library}},
    year = {2000}
}

@INPROCEEDINGS{Viola01robustreal-time,
    author = {Paul Viola and Michael Jones},
    title = {Robust Real-time Object Detection},
    booktitle = {International Journal of Computer Vision},
    year = {2001}
}

@article{lbph,
author = {T. Ahonen and A. Hadid and M. Pietik\"{a}inen},
title = {Face Description with Local Binary Patterns: Application to Face Recognition},
journal ={IEEE Transactions on Pattern Analysis and Machine Intelligence},
volume = {28},
number = {12},
year = {2006},
pages = {2037--2041},
publisher = {IEEE Computer Society},
address = {Los Alamitos, CA, USA},
}

@article{fisherfaces,
 author = {Belhumeur, P. and Hespanha, J. and Kriegman, D.},
 title = {Eigenfaces vs. Fisherfaces: Recognition Using Class Specific Linear Projection},
 journal = {IEEE Trans. Pattern Anal. Mach. Intell.},
 volume = {19},
 number = {7},
 month = jul,
 year = {1997},
 pages = {711--720},
 publisher = {IEEE Computer Society},
 address = {Washington, DC, USA},
} 

@INPROCEEDINGS{niklfeld2001,
AUTHOR = "Niklfeld, G. and Finan, R. and Pucher, M.",
TITLE = "Architecture for adaptive multimodal dialog systems based on {V}oice{XML}",
BOOKTITLE = "Proceedings of EuroSpeech",
YEAR = "2001",
}

@INPROCEEDINGS{ros,
AUTHOR = "Quigley, M. and Gerkey, B. and Conley, K. and Faust, J. and Foote, T. and Leibs, J. and Berger, E. and Wheeler, R. and Ng, A.",
TITLE = "ROS: an open-source Robot Operating System",
BOOKTITLE = "ICRA workshop on open source software",
YEAR = "2009",
}

@inproceedings{Gupta2007,
  author = {Gupta, A. and Davis, L.},
  title = {Objects in Action: An Approach for Combining Action Understanding and Object Perception.},
  booktitle = {CVPR},
  description = {dblp},
  publisher = {IEEE Computer Society},
  year = 2007
}
@inproceedings{Gupta2008,
 author = {Gupta, A. and Davis, L.},
 title = {Beyond Nouns: Exploiting Prepositions and Comparative Adjectives for Learning Visual Classifiers},
 booktitle = {Proceedings of the 10th European Conference on Computer Vision: Part I},
 series = {ECCV '08},
 year = {2008},
 location = {Marseille, France},
 pages = {16--29},
 publisher = {Springer-Verlag},
 address = {Berlin, Heidelberg},
} 

@article{Barnard2003,
 author = {Barnard, K. and Duygulu, P. and Forsyth, D. and de Freitas, N. and Blei, D. and Jordan, M.},
 title = {Matching words and pictures},
 journal = {J. Mach. Learn. Res.},
 volume = {3},
 month = mar,
 year = {2003},
 pages = {1107--1135},
 publisher = {JMLR.org},
} 

@inproceedings{smile,
 author = {Druzdzel, Marek J.},
 title = {{SMILE}: Structural Modeling, Inference, and Learning Engine and {GeNIe}: a development environment for graphical decision-theoretic models},
 booktitle = {Proceedings of the sixteenth national conference on Artificial intelligence},
 series = {AAAI '99},
 year = {1999},
 location = {Orlando, Florida, USA},
 pages = {902--903},
 publisher = {American Association for Artificial Intelligence},
 address = {Menlo Park, CA, USA},
} 
@inproceedings{Cour2008,
    author = {Cour, T. and Jordan, C. and Miltsakaki, E. and Taskar, B.},
    booktitle = {European Conference on Computer Vision},
    title = {{Movie/Script: Alignment and Parsing of Video and Text Transcription}},
    year = {2008}
}

@book{Huangbook2001,
 author = {Huang, Xuedong and Acero, Alex and Hon, Hsiao-Wuen},
 title = {Spoken Language Processing: A Guide to Theory, Algorithm, and System Development},
 year = {2001},
 isbn = {0130226165},
 edition = {1st},
 publisher = {Prentice Hall PTR},
 address = {Upper Saddle River, NJ, USA},
} 

@article{Lowe2004,
 author = {Lowe, David G.},
 title = {Distinctive Image Features from Scale-Invariant Keypoints},
 journal = {Int. J. Comput. Vision},
 issue_date = {November 2004},
 volume = {60},
 number = {2},
 month = nov,
 year = {2004},
 pages = {91--110},
 publisher = {Kluwer Academic Publishers},
 address = {Hingham, MA, USA},
} 

@article{moped,
   author = "A. {Collet} and M. {Martinez} and S. Srinivasa",
   title = "The MOPED framework: Object recognition and pose estimation for manipulation",
   journal = "International Journal of Robotics Research",
   pages = "1284 - 1306",
   month = "September",
   year = "2011",
   volume = "30",
   number = "10",
}
@InProceedings{DT05,
  author       = "N. Dalal and B. Triggs",
  title        = "Histograms of Oriented Gradients for Human Detection",
  booktitle    = "International Conference on Computer Vision \& Pattern Recognition",
  volume       = "2",
  pages        = "886-893",
  month        = "June",
  year         = "2005",
  editor       = "Cordelia Schmid and Stefano Soatto and Carlo Tomasi",
  address      = "INRIA Rh\^one-Alpes, ZIRST-655, av. de l'Europe, Montbonnot-38334",
}

@article{lsvm-pami,
  title = "Object Detection with Discriminatively Trained Part Based Models",
  author = "Felzenszwalb, P. F. and Girshick, R. B. and McAllester, D. and Ramanan, D.",
  journal = "IEEE Transactions on Pattern Analysis and Machine Intelligence",
  year = "2010", volume = "32", number = "9", pages = "1627--1645"}

